% Encoding: UTF-8

@online{booch,
  author       = {Booch, G.}, 
  title        = {What is Software Architecture?},
  year         = 2006,
  url          = {https://www.bredemeyer.com/whatis.htm},
  urldate      = {2021-12-03}
}

@book{newman,
  title={Building Microservices: Designing Fine-Grained Systems},
  author={Newman, S.},
  year={2015},
  publisher={O'Reilly Media Inc.}
}

@online{srp,
  title        = {Single Responsibility Principle},
  url          = {https://en.wikipedia.org/wiki/Single-responsibility_principle},
  urldate      = {2021-12-03}
}

@online{microdef,
  author       = {Fowler, M.},
  title        = {Microservices: a definition of this architectural term},
  url          = {https://martinfowler.com/articles/microservices.html},
  urldate      = {2021-12-03}
}

@book{boundedcontext,
  title={.NET Microservices: Architecture for Containerized .NET Applications},
  author={de la Torre, C.},
  year={2021},
  publisher={Microsoft Corporation}
}

@online{youbuild,
  author       = {Stenberg, J.},
  title        = {Microservices and Teams at Amazon},
  url          = {https://www.infoq.com/news/2015/12/microservices-amazon/},
  urldate      = {2021-12-05}
}

@online{soa_comm,
  author       = {IBM Cloud Team},
  title        = {SOA vs. Microservices: Whatâ€™s the Difference?},
  url          = {https://www.ibm.com/cloud/blog/soa-vs-microservices},
  urldate      = {2021-12-07}
}

@online{soa_granularity,
  author       = {Walker, A.},
  title        = {SOA vs Microservices: Key Differences explained with Examples},
  url          = {https://www.guru99.com/microservices-vs-soa.html},
  urldate      = {2021-12-07}
}

@book{twopc,
  title={Microservice Patterns},
  author={Richardson, C.},
  year={2019},
  publisher={Manning Publications Co.}
}

@book{event_sourcing_book,
  title={Microservice Patterns},
  author={Richardson, C.},
  year={2019},
  publisher={Manning Publications Co.}
}

@online{event_sourcing_docs,
  author       = {Microsoft Docs.},
  title        = {Event Sourcing Pattern},
  url          = {https://docs.microsoft.com/en-us/azure/architecture/patterns/event-sourcing},
  urldate      = {2021-12-08}
}

@inproceedings{li2019service,
  title={Service mesh: Challenges, state of the art, and future research opportunities},
  author={Li, Wubin and Lemieux, Yves and Gao, Jing and Zhao, Zhuofeng and Han, Yanbo},
  booktitle={2019 IEEE International Conference on Service-Oriented System Engineering (SOSE)},
  pages={122--1225},
  year={2019},
  organization={IEEE}
}

@article{bernstein2014containers,
  title={Containers and cloud: From lxc to docker to kubernetes},
  author={Bernstein, David},
  journal={IEEE Cloud Computing},
  volume={1},
  number={3},
  pages={81--84},
  year={2014},
  publisher={IEEE}
}

@online{docker_def,
  author       = {Docker documentation},
  title        = {The Docker platform},
  url          = {https://docs.docker.com/get-started/overview/},
  urldate      = {2021-12-13}
}

@article{eder2016hypervisor,
  title={Hypervisor-vs. container-based virtualization},
  author={Eder, Michael},
  journal={Future Internet (FI) and Innovative Internet Technologies and Mobile Communications (IITM)},
  volume={1},
  year={2016}
}

@inproceedings{jaramillo2016leveraging,
  title={Leveraging microservices architecture by using Docker technology},
  author={Jaramillo, David and Nguyen, Duy V and Smart, Robert},
  booktitle={SoutheastCon 2016},
  pages={1--5},
  year={2016},
  organization={IEEE}
}

@online{aws_lambda,
  author       = {AWS Lambda Documentation},
  title        = {AWS Lambda FAQs},
  url          = {hhttps://aws.amazon.com/lambda/faqs/},
  urldate      = {2021-12-14}
}