%% This BibTeX bibliography file was created using BibDesk.
%% http://bibdesk.sourceforge.net/
% Encoding: UTF-8

@inproceedings{8719492,
	author = {M{\'a}rquez, Gast{\'o}n and Astudillo, Hern{\'a}n},
	booktitle = {2018 25th Asia-Pacific Software Engineering Conference (APSEC)},
	doi = {10.1109/APSEC.2018.00017},
	pages = {31-40},
	title = {Actual Use of Architectural Patterns in Microservices-Based Open Source Projects},
	year = {2018},
}

@inproceedings{10.1145/3424771.3424812,
	address = {New York, NY, USA},
	articleno = {34},
	author = {Tighilt, Rafik and Abdellatif, Manel and Moha, Naouel and Mili, Hafedh and Boussaidi, Ghizlane El and Privat, Jean and Gu\'{e}h\'{e}neuc, Yann-Ga\"{e}l},
	booktitle = {Proceedings of the European Conference on Pattern Languages of Programs 2020},
	doi = {10.1145/3424771.3424812},
	isbn = {9781450377690},
	keywords = {architecture, antipatterns, Microservices},
	location = {Virtual Event, Germany},
	numpages = {13},
	publisher = {Association for Computing Machinery},
	series = {EuroPLoP '20},
	title = {On the Study of Microservices Antipatterns: A Catalog Proposal},
	year = {2020},
}

@inproceedings{9522227,
	author = {Schirgi, Thomas and Brenner, Eugen},
	booktitle = {2021 IEEE 12th International Conference on Software Engineering and Service Science (ICSESS)},
	doi = {10.1109/ICSESS52187.2021.9522227},
	pages = {76-80},
	title = {Quality Assurance for Microservice Architectures},
	year = {2021},
	bdsk-url-1 = {https://doi.org/10.1109/ICSESS52187.2021.9522227}}
	
@online{microsoft_docs,
  author       = {Microsoft Docs},
  title        = {Cloud Design Patterns},
  url          = {https://docs.microsoft.com/en-us/azure/architecture/patterns/},
  urldate      = {2022-03-12},
  year={2022}
}

@book{richardson_book,
  title={Microservice Patterns},
  author={Chris Richardson},
  year={2019},
  publisher={Manning Publications Co.}
}